%YAML 1.1
%TAG !u! tag:unity3d.com,2011:
--- !u!29 &1
SceneSettings:
  m_ObjectHideFlags: 0
  m_PVSData: 
  m_PVSObjectsArray: []
  m_PVSPortalsArray: []
  m_OcclusionBakeSettings:
    smallestOccluder: 5
    smallestHole: .25
    backfaceThreshold: 100
--- !u!104 &2
RenderSettings:
  m_ObjectHideFlags: 0
  serializedVersion: 6
  m_Fog: 0
  m_FogColor: {r: .5, g: .5, b: .5, a: 1}
  m_FogMode: 3
  m_FogDensity: .00999999978
  m_LinearFogStart: 0
  m_LinearFogEnd: 300
  m_AmbientSkyColor: {r: .125, g: 0, b: 0, a: 261.17926}
  m_AmbientEquatorColor: {r: .125, g: 0, b: 0, a: 261.17926}
  m_AmbientGroundColor: {r: .125, g: 0, b: 0, a: 261.17926}
  m_AmbientIntensity: 0
  m_AmbientMode: 3
  m_SkyboxMaterial: {fileID: 0}
  m_HaloStrength: .5
  m_FlareStrength: 1
  m_FlareFadeSpeed: 3
  m_HaloTexture: {fileID: 0}
  m_SpotCookie: {fileID: 10001, guid: 0000000000000000e000000000000000, type: 0}
  m_DefaultReflectionMode: 0
  m_DefaultReflectionResolution: 128
  m_ReflectionBounces: 1
  m_ReflectionIntensity: 1
  m_CustomReflection: {fileID: 0}
  m_Sun: {fileID: 0}
--- !u!157 &4
LightmapSettings:
  m_ObjectHideFlags: 0
  serializedVersion: 5
  m_GIWorkflowMode: 1
  m_LightmapsMode: 1
  m_GISettings:
    serializedVersion: 2
    m_BounceScale: 1
    m_IndirectOutputScale: 1
    m_AlbedoBoost: 1
    m_TemporalCoherenceThreshold: 1
    m_EnvironmentLightingMode: 0
    m_EnableBakedLightmaps: 1
    m_EnableRealtimeLightmaps: 0
  m_LightmapEditorSettings:
    serializedVersion: 3
    m_Resolution: 1
    m_BakeResolution: 1
    m_TextureWidth: 1024
    m_TextureHeight: 1024
    m_AOMaxDistance: 1
    m_Padding: 2
    m_CompAOExponent: 0
    m_LightmapParameters: {fileID: 0}
    m_TextureCompression: 0
    m_FinalGather: 0
    m_FinalGatherRayCount: 1024
    m_ReflectionCompression: 2
  m_LightmapSnapshot: {fileID: 0}
  m_RuntimeCPUUsage: 25
--- !u!196 &5
NavMeshSettings:
  serializedVersion: 2
  m_ObjectHideFlags: 0
  m_BuildSettings:
    serializedVersion: 2
    agentRadius: .5
    agentHeight: 2
    agentSlope: 45
    agentClimb: .400000006
    ledgeDropHeight: 0
    maxJumpAcrossDistance: 0
    accuratePlacement: 0
    minRegionArea: 2
    cellSize: .166666657
    manualCellSize: 0
  m_NavMeshData: {fileID: 0}
--- !u!1 &132961117
GameObject:
  m_ObjectHideFlags: 0
  m_PrefabParentObject: {fileID: 0}
  m_PrefabInternal: {fileID: 0}
  serializedVersion: 4
  m_Component:
  - 4: {fileID: 132961122}
  - 33: {fileID: 132961121}
  - 135: {fileID: 132961120}
  - 23: {fileID: 132961119}
  - 54: {fileID: 132961118}
  m_Layer: 0
  m_Name: Target
  m_TagString: Untagged
  m_Icon: {fileID: 0}
  m_NavMeshLayer: 0
  m_StaticEditorFlags: 0
  m_IsActive: 1
--- !u!54 &132961118
Rigidbody:
  m_ObjectHideFlags: 0
  m_PrefabParentObject: {fileID: 0}
  m_PrefabInternal: {fileID: 0}
  m_GameObject: {fileID: 132961117}
  serializedVersion: 2
  m_Mass: 1
  m_Drag: 0
  m_AngularDrag: .0500000007
  m_UseGravity: 0
  m_IsKinematic: 0
  m_Interpolate: 0
  m_Constraints: 0
  m_CollisionDetection: 0
--- !u!23 &132961119
MeshRenderer:
  m_ObjectHideFlags: 0
  m_PrefabParentObject: {fileID: 0}
  m_PrefabInternal: {fileID: 0}
  m_GameObject: {fileID: 132961117}
  m_Enabled: 0
  m_CastShadows: 1
  m_ReceiveShadows: 1
  m_Materials:
  - {fileID: 10303, guid: 0000000000000000f000000000000000, type: 0}
  m_SubsetIndices: 
  m_StaticBatchRoot: {fileID: 0}
  m_UseLightProbes: 1
  m_ReflectionProbeUsage: 1
  m_ProbeAnchor: {fileID: 0}
  m_ScaleInLightmap: 1
  m_PreserveUVs: 0
  m_ImportantGI: 0
  m_AutoUVMaxDistance: .5
  m_AutoUVMaxAngle: 89
  m_LightmapParameters: {fileID: 0}
  m_SortingLayerID: 0
  m_SortingOrder: 0
--- !u!135 &132961120
SphereCollider:
  m_ObjectHideFlags: 0
  m_PrefabParentObject: {fileID: 0}
  m_PrefabInternal: {fileID: 0}
  m_GameObject: {fileID: 132961117}
  m_Material: {fileID: 0}
  m_IsTrigger: 0
  m_Enabled: 0
  serializedVersion: 2
  m_Radius: .5
  m_Center: {x: 0, y: 0, z: 0}
--- !u!33 &132961121
MeshFilter:
  m_ObjectHideFlags: 0
  m_PrefabParentObject: {fileID: 0}
  m_PrefabInternal: {fileID: 0}
  m_GameObject: {fileID: 132961117}
  m_Mesh: {fileID: 10207, guid: 0000000000000000e000000000000000, type: 0}
--- !u!4 &132961122
Transform:
  m_ObjectHideFlags: 0
  m_PrefabParentObject: {fileID: 0}
  m_PrefabInternal: {fileID: 0}
  m_GameObject: {fileID: 132961117}
  m_LocalRotation: {x: 0, y: 0, z: 0, w: 1}
  m_LocalPosition: {x: 0, y: 0, z: 0}
  m_LocalScale: {x: 1, y: 1, z: 1}
  m_Children: []
  m_Father: {fileID: 0}
  m_RootOrder: 3
--- !u!1 &137246189
GameObject:
  m_ObjectHideFlags: 0
  m_PrefabParentObject: {fileID: 0}
  m_PrefabInternal: {fileID: 0}
  serializedVersion: 4
  m_Component:
  - 4: {fileID: 137246194}
  - 20: {fileID: 137246193}
  - 92: {fileID: 137246192}
  - 124: {fileID: 137246191}
  - 81: {fileID: 137246190}
  - 114: {fileID: 137246195}
  - 114: {fileID: 137246196}
  m_Layer: 0
  m_Name: Main Camera
  m_TagString: MainCamera
  m_Icon: {fileID: 0}
  m_NavMeshLayer: 0
  m_StaticEditorFlags: 0
  m_IsActive: 1
--- !u!81 &137246190
AudioListener:
  m_ObjectHideFlags: 0
  m_PrefabParentObject: {fileID: 0}
  m_PrefabInternal: {fileID: 0}
  m_GameObject: {fileID: 137246189}
  m_Enabled: 1
--- !u!124 &137246191
Behaviour:
  m_ObjectHideFlags: 0
  m_PrefabParentObject: {fileID: 0}
  m_PrefabInternal: {fileID: 0}
  m_GameObject: {fileID: 137246189}
  m_Enabled: 1
--- !u!92 &137246192
Behaviour:
  m_ObjectHideFlags: 0
  m_PrefabParentObject: {fileID: 0}
  m_PrefabInternal: {fileID: 0}
  m_GameObject: {fileID: 137246189}
  m_Enabled: 1
--- !u!20 &137246193
Camera:
  m_ObjectHideFlags: 0
  m_PrefabParentObject: {fileID: 0}
  m_PrefabInternal: {fileID: 0}
  m_GameObject: {fileID: 137246189}
  m_Enabled: 1
  serializedVersion: 2
  m_ClearFlags: 1
  m_BackGroundColor: {r: .00616350025, g: .00948554277, b: .0147058964, a: .0196078438}
  m_NormalizedViewPortRect:
    serializedVersion: 2
    x: 0
    y: 0
    width: 1
    height: 1
  near clip plane: .300000012
  far clip plane: 1000
  field of view: 60
  orthographic: 0
  orthographic size: 5
  m_Depth: -1
  m_CullingMask:
    serializedVersion: 2
    m_Bits: 4294967295
  m_RenderingPath: -1
  m_TargetTexture: {fileID: 0}
  m_TargetDisplay: 0
  m_TargetEye: 3
  m_HDR: 0
  m_OcclusionCulling: 1
  m_StereoConvergence: 10
  m_StereoSeparation: .0219999999
  m_StereoMirrorMode: 0
--- !u!4 &137246194
Transform:
  m_ObjectHideFlags: 0
  m_PrefabParentObject: {fileID: 0}
  m_PrefabInternal: {fileID: 0}
  m_GameObject: {fileID: 137246189}
  m_LocalRotation: {x: .707106829, y: 0, z: 0, w: .707106709}
  m_LocalPosition: {x: 0, y: 15, z: 0}
  m_LocalScale: {x: 1, y: 1, z: 1}
  m_Children: []
  m_Father: {fileID: 0}
  m_RootOrder: 2
--- !u!114 &137246195
MonoBehaviour:
  m_ObjectHideFlags: 0
  m_PrefabParentObject: {fileID: 0}
  m_PrefabInternal: {fileID: 0}
  m_GameObject: {fileID: 137246189}
  m_Enabled: 1
  m_EditorHideFlags: 0
  m_Script: {fileID: 11500000, guid: 26c53ee546af24442ac0132a8fe2cc2f, type: 3}
  m_Name: 
  m_EditorClassIdentifier: 
  timer: 0
  spawning: 0
  prefab: {fileID: 0}
  enemyBlue: {fileID: 5406882, guid: e455b28960084264ca3ef406a8039f87, type: 2}
  enemyRed: {fileID: 5433186, guid: 285401cad1615584b950ab55cca16b9e, type: 2}
  enemyGreen: {fileID: 5438534, guid: 4d1a778da76f0e248825661b002c7dc9, type: 2}
  delay: 5
  speed: 500
  target: {fileID: 132961118}
--- !u!114 &137246196
MonoBehaviour:
  m_ObjectHideFlags: 0
  m_PrefabParentObject: {fileID: 0}
  m_PrefabInternal: {fileID: 0}
  m_GameObject: {fileID: 137246189}
  m_Enabled: 1
  m_EditorHideFlags: 0
  m_Script: {fileID: 11500000, guid: 34599cadcc12e6b4692805f7ff5b86ad, type: 3}
  m_Name: 
  m_EditorClassIdentifier: 
  timer: 0
  spawning: 0
  resourceBlue: {fileID: 5483216, guid: 19d006ed5555795428dfbd801808287b, type: 2}
  resourceRed: {fileID: 5476342, guid: d205cded3a1a64946a7c45195de1fcbc, type: 2}
  resourceGreen: {fileID: 5474038, guid: e3ac7d23cef868944b93c4952b594f3f, type: 2}
  delay: 3
  speed: 6
  target: {fileID: 132961118}
--- !u!1001 &166175677
Prefab:
  m_ObjectHideFlags: 0
  serializedVersion: 2
  m_Modification:
    m_TransformParent: {fileID: 0}
    m_Modifications:
    - target: {fileID: 400000, guid: 92c3542ddc9e6f140a163afd2fdead99, type: 3}
      propertyPath: m_LocalPosition.x
      value: 0
      objectReference: {fileID: 0}
    - target: {fileID: 400000, guid: 92c3542ddc9e6f140a163afd2fdead99, type: 3}
      propertyPath: m_LocalPosition.y
      value: .00248069991
      objectReference: {fileID: 0}
    - target: {fileID: 400000, guid: 92c3542ddc9e6f140a163afd2fdead99, type: 3}
      propertyPath: m_LocalPosition.z
      value: -.184239998
      objectReference: {fileID: 0}
    - target: {fileID: 400000, guid: 92c3542ddc9e6f140a163afd2fdead99, type: 3}
      propertyPath: m_LocalRotation.x
      value: -.707106829
      objectReference: {fileID: 0}
    - target: {fileID: 400000, guid: 92c3542ddc9e6f140a163afd2fdead99, type: 3}
      propertyPath: m_LocalRotation.y
      value: 0
      objectReference: {fileID: 0}
    - target: {fileID: 400000, guid: 92c3542ddc9e6f140a163afd2fdead99, type: 3}
      propertyPath: m_LocalRotation.z
      value: -0
      objectReference: {fileID: 0}
    - target: {fileID: 400000, guid: 92c3542ddc9e6f140a163afd2fdead99, type: 3}
      propertyPath: m_LocalRotation.w
      value: .707106829
      objectReference: {fileID: 0}
    - target: {fileID: 400000, guid: 92c3542ddc9e6f140a163afd2fdead99, type: 3}
      propertyPath: m_RootOrder
      value: 6
      objectReference: {fileID: 0}
    - target: {fileID: 400000, guid: 92c3542ddc9e6f140a163afd2fdead99, type: 3}
      propertyPath: m_LocalScale.x
      value: .82218349
      objectReference: {fileID: 0}
    - target: {fileID: 400000, guid: 92c3542ddc9e6f140a163afd2fdead99, type: 3}
      propertyPath: m_LocalScale.y
      value: .822183192
      objectReference: {fileID: 0}
    - target: {fileID: 400000, guid: 92c3542ddc9e6f140a163afd2fdead99, type: 3}
      propertyPath: m_LocalScale.z
      value: .822183192
      objectReference: {fileID: 0}
    - target: {fileID: 2300000, guid: 92c3542ddc9e6f140a163afd2fdead99, type: 3}
      propertyPath: m_Materials.Array.data[0]
      value: 
      objectReference: {fileID: 2100000, guid: fae18b98bc700a24b9292adebd4cd713, type: 2}
    m_RemovedComponents: []
  m_ParentPrefab: {fileID: 100100000, guid: 92c3542ddc9e6f140a163afd2fdead99, type: 3}
  m_IsPrefabParent: 0
--- !u!4 &166175678 stripped
Transform:
  m_PrefabParentObject: {fileID: 400000, guid: 92c3542ddc9e6f140a163afd2fdead99, type: 3}
  m_PrefabInternal: {fileID: 166175677}
--- !u!1 &221016400 stripped
GameObject:
  m_PrefabParentObject: {fileID: 100000, guid: 408fe9686af1e0940ae07953ff383308, type: 3}
  m_PrefabInternal: {fileID: 2051503321}
--- !u!4 &221016401 stripped
Transform:
  m_PrefabParentObject: {fileID: 400000, guid: 408fe9686af1e0940ae07953ff383308, type: 3}
  m_PrefabInternal: {fileID: 2051503321}
--- !u!114 &221016402
MonoBehaviour:
  m_ObjectHideFlags: 0
  m_PrefabParentObject: {fileID: 0}
  m_PrefabInternal: {fileID: 0}
  m_GameObject: {fileID: 221016400}
  m_Enabled: 1
  m_EditorHideFlags: 0
  m_Script: {fileID: 11500000, guid: 69c192ecdbf6942429163ad67b1aab53, type: 3}
  m_Name: 
  m_EditorClassIdentifier: 
  turetSpeed: 2
--- !u!114 &221016403
MonoBehaviour:
  m_ObjectHideFlags: 0
  m_PrefabParentObject: {fileID: 0}
  m_PrefabInternal: {fileID: 0}
  m_GameObject: {fileID: 221016400}
  m_Enabled: 1
  m_EditorHideFlags: 0
  m_Script: {fileID: 11500000, guid: a62474ae42b344c9b9b3bec95a9992ca, type: 3}
  m_Name: 
  m_EditorClassIdentifier: 
  Projectile: {fileID: 100000, guid: 010cab6551b6143f5afb429fc16ca1a6, type: 2}
  fireSpeed: 500
  shoot: {fileID: 8300000, guid: 1c0d090af09b64f95a66d6241d157ff0, type: 3}
--- !u!82 &221016404
AudioSource:
  m_ObjectHideFlags: 0
  m_PrefabParentObject: {fileID: 0}
  m_PrefabInternal: {fileID: 0}
  m_GameObject: {fileID: 221016400}
  m_Enabled: 1
  serializedVersion: 4
  OutputAudioMixerGroup: {fileID: 0}
  m_audioClip: {fileID: 8300000, guid: 1c0d090af09b64f95a66d6241d157ff0, type: 3}
  m_PlayOnAwake: 0
  m_Volume: .5
  m_Pitch: 1
  Loop: 0
  Mute: 0
  Spatialize: 0
  Priority: 128
  DopplerLevel: 1
  MinDistance: 1
  MaxDistance: 500
  Pan2D: 0
  rolloffMode: 0
  BypassEffects: 0
  BypassListenerEffects: 0
  BypassReverbZones: 0
  rolloffCustomCurve:
    serializedVersion: 2
    m_Curve:
    - time: 0
      value: 1
      inSlope: 0
      outSlope: 0
      tangentMode: 0
    - time: 1
      value: 0
      inSlope: 0
      outSlope: 0
      tangentMode: 0
    m_PreInfinity: 2
    m_PostInfinity: 2
  panLevelCustomCurve:
    serializedVersion: 2
    m_Curve:
    - time: 0
      value: 0
      inSlope: 0
      outSlope: 0
      tangentMode: 0
    m_PreInfinity: 2
    m_PostInfinity: 2
  spreadCustomCurve:
    serializedVersion: 2
    m_Curve:
    - time: 0
      value: 0
      inSlope: 0
      outSlope: 0
      tangentMode: 0
    m_PreInfinity: 2
    m_PostInfinity: 2
  reverbZoneMixCustomCurve:
    serializedVersion: 2
    m_Curve:
    - time: 0
      value: 1
      inSlope: 0
      outSlope: 0
      tangentMode: 0
    m_PreInfinity: 2
    m_PostInfinity: 2
--- !u!1 &361074337
GameObject:
  m_ObjectHideFlags: 0
  m_PrefabParentObject: {fileID: 0}
  m_PrefabInternal: {fileID: 0}
  serializedVersion: 4
  m_Component:
  - 224: {fileID: 361074341}
  - 223: {fileID: 361074340}
  - 114: {fileID: 361074339}
  - 114: {fileID: 361074338}
  m_Layer: 5
  m_Name: Canvas
  m_TagString: Untagged
  m_Icon: {fileID: 0}
  m_NavMeshLayer: 0
  m_StaticEditorFlags: 0
  m_IsActive: 1
--- !u!114 &361074338
MonoBehaviour:
  m_ObjectHideFlags: 0
  m_PrefabParentObject: {fileID: 0}
  m_PrefabInternal: {fileID: 0}
  m_GameObject: {fileID: 361074337}
  m_Enabled: 1
  m_EditorHideFlags: 0
  m_Script: {fileID: 1301386320, guid: f5f67c52d1564df4a8936ccd202a3bd8, type: 3}
  m_Name: 
  m_EditorClassIdentifier: 
  m_IgnoreReversedGraphics: 1
  m_BlockingObjects: 0
  m_BlockingMask:
    serializedVersion: 2
    m_Bits: 4294967295
--- !u!114 &361074339
MonoBehaviour:
  m_ObjectHideFlags: 0
  m_PrefabParentObject: {fileID: 0}
  m_PrefabInternal: {fileID: 0}
  m_GameObject: {fileID: 361074337}
  m_Enabled: 1
  m_EditorHideFlags: 0
  m_Script: {fileID: 1980459831, guid: f5f67c52d1564df4a8936ccd202a3bd8, type: 3}
  m_Name: 
  m_EditorClassIdentifier: 
  m_UiScaleMode: 0
  m_ReferencePixelsPerUnit: 100
  m_ScaleFactor: 1
  m_ReferenceResolution: {x: 800, y: 600}
  m_ScreenMatchMode: 0
  m_MatchWidthOrHeight: 0
  m_PhysicalUnit: 3
  m_FallbackScreenDPI: 96
  m_DefaultSpriteDPI: 96
  m_DynamicPixelsPerUnit: 1
--- !u!223 &361074340
Canvas:
  m_ObjectHideFlags: 0
  m_PrefabParentObject: {fileID: 0}
  m_PrefabInternal: {fileID: 0}
  m_GameObject: {fileID: 361074337}
  m_Enabled: 1
  serializedVersion: 2
  m_RenderMode: 1
  m_Camera: {fileID: 137246193}
  m_PlaneDistance: 100
  m_PixelPerfect: 0
  m_ReceivesEvents: 1
  m_OverrideSorting: 0
  m_OverridePixelPerfect: 0
  m_SortingLayerID: 0
  m_SortingOrder: 0
--- !u!224 &361074341
RectTransform:
  m_ObjectHideFlags: 0
  m_PrefabParentObject: {fileID: 0}
  m_PrefabInternal: {fileID: 0}
  m_GameObject: {fileID: 361074337}
  m_LocalRotation: {x: 0, y: 0, z: 0, w: 1}
  m_LocalPosition: {x: 0, y: 0, z: 0}
  m_LocalScale: {x: 0, y: 0, z: 0}
  m_Children:
  - {fileID: 733722684}
  m_Father: {fileID: 0}
  m_RootOrder: 4
  m_AnchorMin: {x: 0, y: 0}
  m_AnchorMax: {x: 0, y: 0}
  m_AnchoredPosition: {x: 0, y: 0}
  m_SizeDelta: {x: 0, y: 0}
  m_Pivot: {x: 0, y: 0}
--- !u!1 &733722683
GameObject:
  m_ObjectHideFlags: 0
  m_PrefabParentObject: {fileID: 0}
  m_PrefabInternal: {fileID: 0}
  serializedVersion: 4
  m_Component:
  - 224: {fileID: 733722684}
  - 222: {fileID: 733722686}
  - 114: {fileID: 733722685}
  m_Layer: 5
  m_Name: Life
  m_TagString: Untagged
  m_Icon: {fileID: 0}
  m_NavMeshLayer: 0
  m_StaticEditorFlags: 0
  m_IsActive: 1
--- !u!224 &733722684
RectTransform:
  m_ObjectHideFlags: 0
  m_PrefabParentObject: {fileID: 0}
  m_PrefabInternal: {fileID: 0}
  m_GameObject: {fileID: 733722683}
  m_LocalRotation: {x: 0, y: 0, z: 3.2584137e-07, w: -1}
  m_LocalPosition: {x: 0, y: 0, z: 0}
  m_LocalScale: {x: 1, y: 1, z: 1}
  m_Children: []
  m_Father: {fileID: 361074341}
  m_RootOrder: 0
  m_AnchorMin: {x: .5, y: .5}
  m_AnchorMax: {x: .5, y: .5}
  m_AnchoredPosition: {x: -306, y: 164}
  m_SizeDelta: {x: 300, y: 100}
  m_Pivot: {x: .5, y: .5}
--- !u!114 &733722685
MonoBehaviour:
  m_ObjectHideFlags: 0
  m_PrefabParentObject: {fileID: 0}
  m_PrefabInternal: {fileID: 0}
  m_GameObject: {fileID: 733722683}
  m_Enabled: 1
  m_EditorHideFlags: 0
  m_Script: {fileID: 708705254, guid: f5f67c52d1564df4a8936ccd202a3bd8, type: 3}
  m_Name: 
  m_EditorClassIdentifier: 
  m_Material: {fileID: 0}
  m_Color: {r: .992647052, g: .379541516, b: .379541516, a: 1}
  m_RaycastTarget: 1
  m_OnCullStateChanged:
    m_PersistentCalls:
      m_Calls: []
    m_TypeName: UnityEngine.UI.MaskableGraphic+CullStateChangedEvent, UnityEngine.UI,
      Version=1.0.0.0, Culture=neutral, PublicKeyToken=null
  m_FontData:
    m_Font: {fileID: 12800000, guid: d164449f9cafa4811a26282f6a49dfb7, type: 3}
    m_FontSize: 20
    m_FontStyle: 0
    m_BestFit: 0
    m_MinSize: 10
    m_MaxSize: 40
    m_Alignment: 0
    m_RichText: 1
    m_HorizontalOverflow: 0
    m_VerticalOverflow: 0
    m_LineSpacing: 1
  m_Text: " \u2764 \u2764 \u2764 \u2764 \u2764"
--- !u!222 &733722686
CanvasRenderer:
  m_ObjectHideFlags: 0
  m_PrefabParentObject: {fileID: 0}
  m_PrefabInternal: {fileID: 0}
  m_GameObject: {fileID: 733722683}
--- !u!1 &845333855 stripped
GameObject:
  m_PrefabParentObject: {fileID: 100000, guid: 92c3542ddc9e6f140a163afd2fdead99, type: 3}
  m_PrefabInternal: {fileID: 166175677}
--- !u!114 &845333859
MonoBehaviour:
  m_ObjectHideFlags: 0
  m_PrefabParentObject: {fileID: 0}
  m_PrefabInternal: {fileID: 0}
  m_GameObject: {fileID: 845333855}
  m_Enabled: 1
  m_EditorHideFlags: 0
  m_Script: {fileID: 11500000, guid: 29ffbf07066b4f143b040b7029aa5d10, type: 3}
  m_Name: 
  m_EditorClassIdentifier: 
  lifeText: {fileID: 733722685}
--- !u!1001 &920193327
Prefab:
  m_ObjectHideFlags: 0
  serializedVersion: 2
  m_Modification:
    m_TransformParent: {fileID: 166175678}
    m_Modifications:
    - target: {fileID: 400000, guid: 408fe9686af1e0940ae07953ff383308, type: 3}
      propertyPath: m_LocalPosition.x
      value: -0
      objectReference: {fileID: 0}
    - target: {fileID: 400000, guid: 408fe9686af1e0940ae07953ff383308, type: 3}
      propertyPath: m_LocalPosition.y
      value: -2.28999996
      objectReference: {fileID: 0}
    - target: {fileID: 400000, guid: 408fe9686af1e0940ae07953ff383308, type: 3}
      propertyPath: m_LocalPosition.z
      value: -.860000014
      objectReference: {fileID: 0}
    - target: {fileID: 400000, guid: 408fe9686af1e0940ae07953ff383308, type: 3}
      propertyPath: m_LocalRotation.x
      value: .499999911
      objectReference: {fileID: 0}
    - target: {fileID: 400000, guid: 408fe9686af1e0940ae07953ff383308, type: 3}
      propertyPath: m_LocalRotation.y
      value: .49999997
      objectReference: {fileID: 0}
    - target: {fileID: 400000, guid: 408fe9686af1e0940ae07953ff383308, type: 3}
      propertyPath: m_LocalRotation.z
      value: .49999997
      objectReference: {fileID: 0}
    - target: {fileID: 400000, guid: 408fe9686af1e0940ae07953ff383308, type: 3}
      propertyPath: m_LocalRotation.w
      value: -.500000179
      objectReference: {fileID: 0}
    - target: {fileID: 400000, guid: 408fe9686af1e0940ae07953ff383308, type: 3}
      propertyPath: m_RootOrder
      value: 2
      objectReference: {fileID: 0}
    - target: {fileID: 400000, guid: 408fe9686af1e0940ae07953ff383308, type: 3}
      propertyPath: m_LocalScale.x
      value: .493252099
      objectReference: {fileID: 0}
    - target: {fileID: 400000, guid: 408fe9686af1e0940ae07953ff383308, type: 3}
      propertyPath: m_LocalScale.y
      value: .49325186
      objectReference: {fileID: 0}
    - target: {fileID: 400000, guid: 408fe9686af1e0940ae07953ff383308, type: 3}
      propertyPath: m_LocalScale.z
      value: .493252128
      objectReference: {fileID: 0}
    - target: {fileID: 2300000, guid: 408fe9686af1e0940ae07953ff383308, type: 3}
      propertyPath: m_Materials.Array.data[0]
      value: 
      objectReference: {fileID: 2100000, guid: fc0d2f8ba6f762e4495a343af167ddcc, type: 2}
    m_RemovedComponents: []
  m_ParentPrefab: {fileID: 100100000, guid: 408fe9686af1e0940ae07953ff383308, type: 3}
  m_IsPrefabParent: 0
--- !u!1 &1007821788
GameObject:
  m_ObjectHideFlags: 0
  m_PrefabParentObject: {fileID: 0}
  m_PrefabInternal: {fileID: 0}
  serializedVersion: 4
  m_Component:
  - 4: {fileID: 1007821790}
  - 108: {fileID: 1007821789}
  m_Layer: 0
  m_Name: Directional light
  m_TagString: Untagged
  m_Icon: {fileID: 0}
  m_NavMeshLayer: 0
  m_StaticEditorFlags: 0
  m_IsActive: 1
--- !u!108 &1007821789
Light:
  m_ObjectHideFlags: 0
  m_PrefabParentObject: {fileID: 0}
  m_PrefabInternal: {fileID: 0}
  m_GameObject: {fileID: 1007821788}
  m_Enabled: 1
  serializedVersion: 6
  m_Type: 1
  m_Color: {r: 1, g: 1, b: 1, a: 1}
  m_Intensity: 3.91000009
  m_Range: 10
  m_SpotAngle: 30
  m_CookieSize: 10
  m_Shadows:
    m_Type: 0
    m_Resolution: -1
    m_Strength: 1
    m_Bias: .0500000007
    m_NormalBias: .400000006
  m_Cookie: {fileID: 0}
  m_DrawHalo: 0
  m_Flare: {fileID: 0}
  m_RenderMode: 0
  m_CullingMask:
    serializedVersion: 2
    m_Bits: 4294967295
  m_Lightmapping: 1
  m_BounceIntensity: 0
  m_ShadowRadius: 0
  m_ShadowAngle: 0
  m_AreaSize: {x: 1, y: 1}
--- !u!4 &1007821790
Transform:
  m_ObjectHideFlags: 0
  m_PrefabParentObject: {fileID: 0}
  m_PrefabInternal: {fileID: 0}
  m_GameObject: {fileID: 1007821788}
  m_LocalRotation: {x: .658244967, y: -.0522314124, z: -.0818040967, w: .746520936}
  m_LocalPosition: {x: 1.05999994, y: 5.34000015, z: -.939999998}
  m_LocalScale: {x: 1, y: 1, z: 1}
  m_Children: []
  m_Father: {fileID: 0}
  m_RootOrder: 0
--- !u!1001 &1187501992
Prefab:
  m_ObjectHideFlags: 0
  serializedVersion: 2
  m_Modification:
    m_TransformParent: {fileID: 0}
    m_Modifications:
    - target: {fileID: 415722, guid: 5f3709904ebbce042a2c5fc8d1b3285c, type: 2}
      propertyPath: m_LocalPosition.x
      value: -1.86000001
      objectReference: {fileID: 0}
    - target: {fileID: 415722, guid: 5f3709904ebbce042a2c5fc8d1b3285c, type: 2}
      propertyPath: m_LocalPosition.y
      value: .592809677
      objectReference: {fileID: 0}
    - target: {fileID: 415722, guid: 5f3709904ebbce042a2c5fc8d1b3285c, type: 2}
      propertyPath: m_LocalPosition.z
      value: 4.13000011
      objectReference: {fileID: 0}
    - target: {fileID: 415722, guid: 5f3709904ebbce042a2c5fc8d1b3285c, type: 2}
      propertyPath: m_LocalRotation.x
      value: 0
      objectReference: {fileID: 0}
    - target: {fileID: 415722, guid: 5f3709904ebbce042a2c5fc8d1b3285c, type: 2}
      propertyPath: m_LocalRotation.y
      value: 0
      objectReference: {fileID: 0}
    - target: {fileID: 415722, guid: 5f3709904ebbce042a2c5fc8d1b3285c, type: 2}
      propertyPath: m_LocalRotation.z
      value: 0
      objectReference: {fileID: 0}
    - target: {fileID: 415722, guid: 5f3709904ebbce042a2c5fc8d1b3285c, type: 2}
      propertyPath: m_LocalRotation.w
      value: 1
      objectReference: {fileID: 0}
    - target: {fileID: 415722, guid: 5f3709904ebbce042a2c5fc8d1b3285c, type: 2}
      propertyPath: m_RootOrder
      value: 2
      objectReference: {fileID: 0}
    - target: {fileID: 190680, guid: 5f3709904ebbce042a2c5fc8d1b3285c, type: 2}
      propertyPath: m_Layer
      value: 0
      objectReference: {fileID: 0}
    - target: {fileID: 190680, guid: 5f3709904ebbce042a2c5fc8d1b3285c, type: 2}
      propertyPath: m_Name
      value: 
      objectReference: {fileID: 0}
    - target: {fileID: 190680, guid: 5f3709904ebbce042a2c5fc8d1b3285c, type: 2}
      propertyPath: m_NavMeshLayer
      value: 0
      objectReference: {fileID: 0}
    - target: {fileID: 190680, guid: 5f3709904ebbce042a2c5fc8d1b3285c, type: 2}
      propertyPath: m_IsActive
      value: 0
      objectReference: {fileID: 0}
    m_RemovedComponents: []
  m_ParentPrefab: {fileID: 100100000, guid: 5f3709904ebbce042a2c5fc8d1b3285c, type: 2}
  m_IsPrefabParent: 0
--- !u!1 &1227397203
GameObject:
  m_ObjectHideFlags: 0
  m_PrefabParentObject: {fileID: 0}
  m_PrefabInternal: {fileID: 0}
  serializedVersion: 4
  m_Component:
  - 4: {fileID: 1227397204}
  - 33: {fileID: 1227397208}
  - 136: {fileID: 1227397207}
  - 23: {fileID: 1227397206}
  - 114: {fileID: 1227397205}
  - 114: {fileID: 1227397209}
  - 82: {fileID: 1227397210}
  m_Layer: 8
  m_Name: MiningLazer2
  m_TagString: mining
  m_Icon: {fileID: 0}
  m_NavMeshLayer: 0
  m_StaticEditorFlags: 0
  m_IsActive: 1
--- !u!4 &1227397204
Transform:
  m_ObjectHideFlags: 0
  m_PrefabParentObject: {fileID: 0}
  m_PrefabInternal: {fileID: 0}
  m_GameObject: {fileID: 1227397203}
  m_LocalRotation: {x: -.500000119, y: -.49999994, z: .5, w: .49999997}
  m_LocalPosition: {x: 1.58200002, y: 0, z: -.150999993}
  m_LocalScale: {x: .874288976, y: .784352183, z: .874288976}
  m_Children: []
  m_Father: {fileID: 221016401}
  m_RootOrder: 0
--- !u!114 &1227397205
MonoBehaviour:
  m_ObjectHideFlags: 0
  m_PrefabParentObject: {fileID: 0}
  m_PrefabInternal: {fileID: 0}
  m_GameObject: {fileID: 1227397203}
  m_Enabled: 1
  m_EditorHideFlags: 0
  m_Script: {fileID: 11500000, guid: 46bcbc02a40204166a26dc0956a2b0d3, type: 3}
  m_Name: 
  m_EditorClassIdentifier: 
  grab: {fileID: 8300000, guid: aca7e9de47e0944e39ea0ccef93391c9, type: 3}
--- !u!23 &1227397206
MeshRenderer:
  m_ObjectHideFlags: 0
  m_PrefabParentObject: {fileID: 0}
  m_PrefabInternal: {fileID: 0}
  m_GameObject: {fileID: 1227397203}
  m_Enabled: 1
  m_CastShadows: 1
  m_ReceiveShadows: 1
  m_Materials:
  - {fileID: 2100000, guid: fc0d2f8ba6f762e4495a343af167ddcc, type: 2}
  m_SubsetIndices: 
  m_StaticBatchRoot: {fileID: 0}
  m_UseLightProbes: 0
  m_ReflectionProbeUsage: 1
  m_ProbeAnchor: {fileID: 0}
  m_ScaleInLightmap: 1
  m_PreserveUVs: 0
  m_ImportantGI: 0
  m_AutoUVMaxDistance: .5
  m_AutoUVMaxAngle: 89
  m_LightmapParameters: {fileID: 0}
  m_SortingLayerID: 0
  m_SortingOrder: 0
--- !u!136 &1227397207
CapsuleCollider:
  m_ObjectHideFlags: 0
  m_PrefabParentObject: {fileID: 0}
  m_PrefabInternal: {fileID: 0}
  m_GameObject: {fileID: 1227397203}
  m_Material: {fileID: 0}
  m_IsTrigger: 1
  m_Enabled: 1
  m_Radius: .5
  m_Height: 2
  m_Direction: 1
  m_Center: {x: 0, y: 0, z: 0}
--- !u!33 &1227397208
MeshFilter:
  m_ObjectHideFlags: 0
  m_PrefabParentObject: {fileID: 0}
  m_PrefabInternal: {fileID: 0}
  m_GameObject: {fileID: 1227397203}
  m_Mesh: {fileID: 10206, guid: 0000000000000000e000000000000000, type: 0}
--- !u!114 &1227397209
MonoBehaviour:
  m_ObjectHideFlags: 0
  m_PrefabParentObject: {fileID: 0}
  m_PrefabInternal: {fileID: 0}
  m_GameObject: {fileID: 1227397203}
  m_Enabled: 1
  m_EditorHideFlags: 0
  m_Script: {fileID: 11500000, guid: c253082b44a214859bea5feb97681559, type: 3}
  m_Name: 
  m_EditorClassIdentifier: 
--- !u!82 &1227397210
AudioSource:
  m_ObjectHideFlags: 0
  m_PrefabParentObject: {fileID: 0}
  m_PrefabInternal: {fileID: 0}
  m_GameObject: {fileID: 1227397203}
  m_Enabled: 1
  serializedVersion: 4
  OutputAudioMixerGroup: {fileID: 0}
  m_audioClip: {fileID: 8300000, guid: aca7e9de47e0944e39ea0ccef93391c9, type: 3}
  m_PlayOnAwake: 0
  m_Volume: .5
  m_Pitch: 1
  Loop: 0
  Mute: 0
  Spatialize: 0
  Priority: 128
  DopplerLevel: 1
  MinDistance: 1
  MaxDistance: 500
  Pan2D: 0
  rolloffMode: 0
  BypassEffects: 0
  BypassListenerEffects: 0
  BypassReverbZones: 0
  rolloffCustomCurve:
    serializedVersion: 2
    m_Curve:
    - time: 0
      value: 1
      inSlope: 0
      outSlope: 0
      tangentMode: 0
    - time: 1
      value: 0
      inSlope: 0
      outSlope: 0
      tangentMode: 0
    m_PreInfinity: 2
    m_PostInfinity: 2
  panLevelCustomCurve:
    serializedVersion: 2
    m_Curve:
    - time: 0
      value: 0
      inSlope: 0
      outSlope: 0
      tangentMode: 0
    m_PreInfinity: 2
    m_PostInfinity: 2
  spreadCustomCurve:
    serializedVersion: 2
    m_Curve:
    - time: 0
      value: 0
      inSlope: 0
      outSlope: 0
      tangentMode: 0
    m_PreInfinity: 2
    m_PostInfinity: 2
  reverbZoneMixCustomCurve:
    serializedVersion: 2
    m_Curve:
    - time: 0
      value: 1
      inSlope: 0
      outSlope: 0
      tangentMode: 0
    m_PreInfinity: 2
    m_PostInfinity: 2
--- !u!1 &1284259216 stripped
GameObject:
  m_PrefabParentObject: {fileID: 100000, guid: 408fe9686af1e0940ae07953ff383308, type: 3}
  m_PrefabInternal: {fileID: 920193327}
--- !u!4 &1284259217 stripped
Transform:
  m_PrefabParentObject: {fileID: 400000, guid: 408fe9686af1e0940ae07953ff383308, type: 3}
  m_PrefabInternal: {fileID: 920193327}
--- !u!114 &1284259218
MonoBehaviour:
  m_ObjectHideFlags: 0
  m_PrefabParentObject: {fileID: 0}
  m_PrefabInternal: {fileID: 0}
  m_GameObject: {fileID: 1284259216}
  m_Enabled: 1
  m_EditorHideFlags: 0
  m_Script: {fileID: 11500000, guid: 225c7959dde5748d092a4cff821cd348, type: 3}
  m_Name: 
  m_EditorClassIdentifier: 
  turetSpeed: 2
--- !u!114 &1284259219
MonoBehaviour:
  m_ObjectHideFlags: 0
  m_PrefabParentObject: {fileID: 0}
  m_PrefabInternal: {fileID: 0}
  m_GameObject: {fileID: 1284259216}
  m_Enabled: 1
  m_EditorHideFlags: 0
  m_Script: {fileID: 11500000, guid: 4874118f6ce934db985fc268b6c83967, type: 3}
  m_Name: 
  m_EditorClassIdentifier: 
  Projectile: {fileID: 100000, guid: 010cab6551b6143f5afb429fc16ca1a6, type: 2}
  fireSpeed: 500
  shoot: {fileID: 8300000, guid: 1c0d090af09b64f95a66d6241d157ff0, type: 3}
--- !u!82 &1284259220
AudioSource:
  m_ObjectHideFlags: 0
  m_PrefabParentObject: {fileID: 0}
  m_PrefabInternal: {fileID: 0}
  m_GameObject: {fileID: 1284259216}
  m_Enabled: 1
  serializedVersion: 4
  OutputAudioMixerGroup: {fileID: 0}
  m_audioClip: {fileID: 8300000, guid: 1c0d090af09b64f95a66d6241d157ff0, type: 3}
  m_PlayOnAwake: 0
  m_Volume: .5
  m_Pitch: 1
  Loop: 0
  Mute: 0
  Spatialize: 0
  Priority: 128
  DopplerLevel: 1
  MinDistance: 1
  MaxDistance: 500
  Pan2D: 0
  rolloffMode: 0
  BypassEffects: 0
  BypassListenerEffects: 0
  BypassReverbZones: 0
  rolloffCustomCurve:
    serializedVersion: 2
    m_Curve:
    - time: 0
      value: 1
      inSlope: 0
      outSlope: 0
      tangentMode: 0
    - time: 1
      value: 0
      inSlope: 0
      outSlope: 0
      tangentMode: 0
    m_PreInfinity: 2
    m_PostInfinity: 2
  panLevelCustomCurve:
    serializedVersion: 2
    m_Curve:
    - time: 0
      value: 0
      inSlope: 0
      outSlope: 0
      tangentMode: 0
    m_PreInfinity: 2
    m_PostInfinity: 2
  spreadCustomCurve:
    serializedVersion: 2
    m_Curve:
    - time: 0
      value: 0
      inSlope: 0
      outSlope: 0
      tangentMode: 0
    m_PreInfinity: 2
    m_PostInfinity: 2
  reverbZoneMixCustomCurve:
    serializedVersion: 2
    m_Curve:
    - time: 0
      value: 1
      inSlope: 0
      outSlope: 0
      tangentMode: 0
    m_PreInfinity: 2
    m_PostInfinity: 2
--- !u!1 &1717283165
GameObject:
  m_ObjectHideFlags: 0
  m_PrefabParentObject: {fileID: 0}
  m_PrefabInternal: {fileID: 0}
  serializedVersion: 4
  m_Component:
  - 4: {fileID: 1717283169}
  - 33: {fileID: 1717283168}
  - 135: {fileID: 1717283167}
  - 23: {fileID: 1717283166}
  - 114: {fileID: 1717283170}
  m_Layer: 0
  m_Name: powerCore
  m_TagString: powerCore
  m_Icon: {fileID: 0}
  m_NavMeshLayer: 0
  m_StaticEditorFlags: 0
  m_IsActive: 1
--- !u!23 &1717283166
MeshRenderer:
  m_ObjectHideFlags: 0
  m_PrefabParentObject: {fileID: 0}
  m_PrefabInternal: {fileID: 0}
  m_GameObject: {fileID: 1717283165}
  m_Enabled: 1
  m_CastShadows: 1
  m_ReceiveShadows: 1
  m_Materials:
  - {fileID: 2100000, guid: fc0d2f8ba6f762e4495a343af167ddcc, type: 2}
  m_SubsetIndices: 
  m_StaticBatchRoot: {fileID: 0}
  m_UseLightProbes: 0
  m_ReflectionProbeUsage: 1
  m_ProbeAnchor: {fileID: 0}
  m_ScaleInLightmap: 1
  m_PreserveUVs: 0
  m_ImportantGI: 0
  m_AutoUVMaxDistance: .5
  m_AutoUVMaxAngle: 89
  m_LightmapParameters: {fileID: 0}
  m_SortingLayerID: 0
  m_SortingOrder: 0
--- !u!135 &1717283167
SphereCollider:
  m_ObjectHideFlags: 0
  m_PrefabParentObject: {fileID: 0}
  m_PrefabInternal: {fileID: 0}
  m_GameObject: {fileID: 1717283165}
  m_Material: {fileID: 0}
  m_IsTrigger: 1
  m_Enabled: 1
  serializedVersion: 2
  m_Radius: .5
  m_Center: {x: 0, y: 0, z: 0}
--- !u!33 &1717283168
MeshFilter:
  m_ObjectHideFlags: 0
  m_PrefabParentObject: {fileID: 0}
  m_PrefabInternal: {fileID: 0}
  m_GameObject: {fileID: 1717283165}
  m_Mesh: {fileID: 10207, guid: 0000000000000000e000000000000000, type: 0}
--- !u!4 &1717283169
Transform:
  m_ObjectHideFlags: 0
  m_PrefabParentObject: {fileID: 0}
  m_PrefabInternal: {fileID: 0}
  m_GameObject: {fileID: 1717283165}
  m_LocalRotation: {x: .707106829, y: 0, z: 0, w: .707106829}
  m_LocalPosition: {x: -.0199999996, y: -.0399999991, z: -.00999999978}
  m_LocalScale: {x: 1.76693046, y: 1.76693094, z: 1.76693094}
  m_Children: []
  m_Father: {fileID: 166175678}
  m_RootOrder: 0
--- !u!114 &1717283170
MonoBehaviour:
  m_ObjectHideFlags: 0
  m_PrefabParentObject: {fileID: 0}
  m_PrefabInternal: {fileID: 0}
  m_GameObject: {fileID: 1717283165}
  m_Enabled: 1
  m_EditorHideFlags: 0
  m_Script: {fileID: 11500000, guid: 29ffbf07066b4f143b040b7029aa5d10, type: 3}
  m_Name: 
  m_EditorClassIdentifier: 
  lifeText: {fileID: 733722685}
--- !u!1 &1992840456
GameObject:
  m_ObjectHideFlags: 0
  m_PrefabParentObject: {fileID: 0}
  m_PrefabInternal: {fileID: 0}
  serializedVersion: 4
  m_Component:
  - 4: {fileID: 1992840460}
  - 114: {fileID: 1992840459}
  - 114: {fileID: 1992840458}
  - 114: {fileID: 1992840457}
  m_Layer: 0
  m_Name: EventSystem
  m_TagString: Untagged
  m_Icon: {fileID: 0}
  m_NavMeshLayer: 0
  m_StaticEditorFlags: 0
  m_IsActive: 1
--- !u!114 &1992840457
MonoBehaviour:
  m_ObjectHideFlags: 0
  m_PrefabParentObject: {fileID: 0}
  m_PrefabInternal: {fileID: 0}
  m_GameObject: {fileID: 1992840456}
  m_Enabled: 1
  m_EditorHideFlags: 0
  m_Script: {fileID: 1997211142, guid: f5f67c52d1564df4a8936ccd202a3bd8, type: 3}
  m_Name: 
  m_EditorClassIdentifier: 
  m_ForceModuleActive: 0
--- !u!114 &1992840458
MonoBehaviour:
  m_ObjectHideFlags: 0
  m_PrefabParentObject: {fileID: 0}
  m_PrefabInternal: {fileID: 0}
  m_GameObject: {fileID: 1992840456}
  m_Enabled: 1
  m_EditorHideFlags: 0
  m_Script: {fileID: 1077351063, guid: f5f67c52d1564df4a8936ccd202a3bd8, type: 3}
  m_Name: 
  m_EditorClassIdentifier: 
  m_HorizontalAxis: Horizontal
  m_VerticalAxis: Vertical
  m_SubmitButton: Submit
  m_CancelButton: Cancel
  m_InputActionsPerSecond: 10
  m_RepeatDelay: .5
  m_ForceModuleActive: 0
--- !u!114 &1992840459
MonoBehaviour:
  m_ObjectHideFlags: 0
  m_PrefabParentObject: {fileID: 0}
  m_PrefabInternal: {fileID: 0}
  m_GameObject: {fileID: 1992840456}
  m_Enabled: 1
  m_EditorHideFlags: 0
  m_Script: {fileID: -619905303, guid: f5f67c52d1564df4a8936ccd202a3bd8, type: 3}
  m_Name: 
  m_EditorClassIdentifier: 
  m_FirstSelected: {fileID: 0}
  m_sendNavigationEvents: 1
  m_DragThreshold: 5
--- !u!4 &1992840460
Transform:
  m_ObjectHideFlags: 0
  m_PrefabParentObject: {fileID: 0}
  m_PrefabInternal: {fileID: 0}
  m_GameObject: {fileID: 1992840456}
  m_LocalRotation: {x: 0, y: 0, z: 0, w: 1}
  m_LocalPosition: {x: 0, y: 0, z: 0}
  m_LocalScale: {x: 1, y: 1, z: 1}
  m_Children: []
  m_Father: {fileID: 0}
  m_RootOrder: 5
--- !u!1001 &2051503321
Prefab:
  m_ObjectHideFlags: 0
  serializedVersion: 2
  m_Modification:
    m_TransformParent: {fileID: 166175678}
    m_Modifications:
    - target: {fileID: 400000, guid: 408fe9686af1e0940ae07953ff383308, type: 3}
      propertyPath: m_LocalPosition.x
      value: -0
      objectReference: {fileID: 0}
    - target: {fileID: 400000, guid: 408fe9686af1e0940ae07953ff383308, type: 3}
      propertyPath: m_LocalPosition.y
      value: -2.28999996
      objectReference: {fileID: 0}
    - target: {fileID: 400000, guid: 408fe9686af1e0940ae07953ff383308, type: 3}
      propertyPath: m_LocalPosition.z
      value: -.860000014
      objectReference: {fileID: 0}
    - target: {fileID: 400000, guid: 408fe9686af1e0940ae07953ff383308, type: 3}
      propertyPath: m_LocalRotation.x
      value: .499999911
      objectReference: {fileID: 0}
    - target: {fileID: 400000, guid: 408fe9686af1e0940ae07953ff383308, type: 3}
      propertyPath: m_LocalRotation.y
      value: .49999997
      objectReference: {fileID: 0}
    - target: {fileID: 400000, guid: 408fe9686af1e0940ae07953ff383308, type: 3}
      propertyPath: m_LocalRotation.z
      value: .49999997
      objectReference: {fileID: 0}
    - target: {fileID: 400000, guid: 408fe9686af1e0940ae07953ff383308, type: 3}
      propertyPath: m_LocalRotation.w
      value: -.500000179
      objectReference: {fileID: 0}
    - target: {fileID: 400000, guid: 408fe9686af1e0940ae07953ff383308, type: 3}
      propertyPath: m_RootOrder
      value: 1
      objectReference: {fileID: 0}
    - target: {fileID: 400000, guid: 408fe9686af1e0940ae07953ff383308, type: 3}
      propertyPath: m_LocalScale.x
      value: .493252099
      objectReference: {fileID: 0}
    - target: {fileID: 400000, guid: 408fe9686af1e0940ae07953ff383308, type: 3}
      propertyPath: m_LocalScale.y
      value: .49325186
      objectReference: {fileID: 0}
    - target: {fileID: 400000, guid: 408fe9686af1e0940ae07953ff383308, type: 3}
      propertyPath: m_LocalScale.z
      value: .493252128
      objectReference: {fileID: 0}
    - target: {fileID: 2300000, guid: 408fe9686af1e0940ae07953ff383308, type: 3}
      propertyPath: m_Materials.Array.data[0]
      value: 
      objectReference: {fileID: 2100000, guid: fc0d2f8ba6f762e4495a343af167ddcc, type: 2}
    - target: {fileID: 100000, guid: 408fe9686af1e0940ae07953ff383308, type: 3}
      propertyPath: m_Name
      value: SpaceShipCannon2
      objectReference: {fileID: 0}
    m_RemovedComponents: []
  m_ParentPrefab: {fileID: 100100000, guid: 408fe9686af1e0940ae07953ff383308, type: 3}
  m_IsPrefabParent: 0
--- !u!1 &2130928362
GameObject:
  m_ObjectHideFlags: 0
  m_PrefabParentObject: {fileID: 0}
  m_PrefabInternal: {fileID: 0}
  serializedVersion: 4
  m_Component:
  - 4: {fileID: 2130928363}
  - 33: {fileID: 2130928367}
  - 136: {fileID: 2130928366}
  - 23: {fileID: 2130928365}
  - 114: {fileID: 2130928364}
  - 114: {fileID: 2130928368}
  - 82: {fileID: 2130928369}
  - 114: {fileID: 2130928370}
  m_Layer: 8
  m_Name: MiningLazer
  m_TagString: mining
  m_Icon: {fileID: 0}
  m_NavMeshLayer: 0
  m_StaticEditorFlags: 0
  m_IsActive: 1
--- !u!4 &2130928363
Transform:
  m_ObjectHideFlags: 0
  m_PrefabParentObject: {fileID: 0}
  m_PrefabInternal: {fileID: 0}
  m_GameObject: {fileID: 2130928362}
  m_LocalRotation: {x: -.500000119, y: -.49999994, z: .5, w: .49999997}
  m_LocalPosition: {x: 1.58200002, y: 0, z: -.150999993}
  m_LocalScale: {x: .874288976, y: .784352183, z: .874288976}
  m_Children: []
  m_Father: {fileID: 1284259217}
  m_RootOrder: 0
--- !u!114 &2130928364
MonoBehaviour:
  m_ObjectHideFlags: 0
  m_PrefabParentObject: {fileID: 0}
  m_PrefabInternal: {fileID: 0}
  m_GameObject: {fileID: 2130928362}
  m_Enabled: 1
  m_EditorHideFlags: 0
  m_Script: {fileID: 11500000, guid: 9ab24576a49a04761a732f21dd877447, type: 3}
  m_Name: 
  m_EditorClassIdentifier: 
  grab: {fileID: 8300000, guid: aca7e9de47e0944e39ea0ccef93391c9, type: 3}
--- !u!23 &2130928365
MeshRenderer:
  m_ObjectHideFlags: 0
  m_PrefabParentObject: {fileID: 0}
  m_PrefabInternal: {fileID: 0}
  m_GameObject: {fileID: 2130928362}
  m_Enabled: 1
  m_CastShadows: 1
  m_ReceiveShadows: 1
  m_Materials:
  - {fileID: 2100000, guid: fc0d2f8ba6f762e4495a343af167ddcc, type: 2}
  m_SubsetIndices: 
  m_StaticBatchRoot: {fileID: 0}
  m_UseLightProbes: 0
  m_ReflectionProbeUsage: 1
  m_ProbeAnchor: {fileID: 0}
  m_ScaleInLightmap: 1
  m_PreserveUVs: 0
  m_ImportantGI: 0
  m_AutoUVMaxDistance: .5
  m_AutoUVMaxAngle: 89
  m_LightmapParameters: {fileID: 0}
  m_SortingLayerID: 0
  m_SortingOrder: 0
--- !u!136 &2130928366
CapsuleCollider:
  m_ObjectHideFlags: 0
  m_PrefabParentObject: {fileID: 0}
  m_PrefabInternal: {fileID: 0}
  m_GameObject: {fileID: 2130928362}
  m_Material: {fileID: 0}
  m_IsTrigger: 1
  m_Enabled: 1
  m_Radius: .5
  m_Height: 2
  m_Direction: 1
  m_Center: {x: 0, y: 0, z: 0}
--- !u!33 &2130928367
MeshFilter:
  m_ObjectHideFlags: 0
  m_PrefabParentObject: {fileID: 0}
  m_PrefabInternal: {fileID: 0}
  m_GameObject: {fileID: 2130928362}
  m_Mesh: {fileID: 10206, guid: 0000000000000000e000000000000000, type: 0}
--- !u!114 &2130928368
MonoBehaviour:
  m_ObjectHideFlags: 0
  m_PrefabParentObject: {fileID: 0}
  m_PrefabInternal: {fileID: 0}
  m_GameObject: {fileID: 2130928362}
  m_Enabled: 1
  m_EditorHideFlags: 0
  m_Script: {fileID: 11500000, guid: c253082b44a214859bea5feb97681559, type: 3}
  m_Name: 
  m_EditorClassIdentifier: 
--- !u!82 &2130928369
AudioSource:
  m_ObjectHideFlags: 0
  m_PrefabParentObject: {fileID: 0}
  m_PrefabInternal: {fileID: 0}
  m_GameObject: {fileID: 2130928362}
  m_Enabled: 1
  serializedVersion: 4
  OutputAudioMixerGroup: {fileID: 0}
  m_audioClip: {fileID: 8300000, guid: aca7e9de47e0944e39ea0ccef93391c9, type: 3}
  m_PlayOnAwake: 0
  m_Volume: .5
  m_Pitch: 1
  Loop: 0
  Mute: 0
  Spatialize: 0
  Priority: 128
  DopplerLevel: 1
  MinDistance: 1
  MaxDistance: 500
  Pan2D: 0
  rolloffMode: 0
  BypassEffects: 0
  BypassListenerEffects: 0
  BypassReverbZones: 0
  rolloffCustomCurve:
    serializedVersion: 2
    m_Curve:
    - time: 0
      value: 1
      inSlope: 0
      outSlope: 0
      tangentMode: 0
    - time: 1
      value: 0
      inSlope: 0
      outSlope: 0
      tangentMode: 0
    m_PreInfinity: 2
    m_PostInfinity: 2
  panLevelCustomCurve:
    serializedVersion: 2
    m_Curve:
    - time: 0
      value: 0
      inSlope: 0
      outSlope: 0
      tangentMode: 0
    m_PreInfinity: 2
    m_PostInfinity: 2
  spreadCustomCurve:
    serializedVersion: 2
    m_Curve:
    - time: 0
      value: 0
      inSlope: 0
      outSlope: 0
      tangentMode: 0
    m_PreInfinity: 2
    m_PostInfinity: 2
  reverbZoneMixCustomCurve:
    serializedVersion: 2
    m_Curve:
    - time: 0
      value: 1
      inSlope: 0
      outSlope: 0
      tangentMode: 0
    m_PreInfinity: 2
    m_PostInfinity: 2
--- !u!114 &2130928370
MonoBehaviour:
  m_ObjectHideFlags: 0
  m_PrefabParentObject: {fileID: 0}
  m_PrefabInternal: {fileID: 0}
  m_GameObject: {fileID: 2130928362}
  m_Enabled: 1
  m_EditorHideFlags: 0
  m_Script: {fileID: 11500000, guid: 29ffbf07066b4f143b040b7029aa5d10, type: 3}
  m_Name: 
  m_EditorClassIdentifier: 
  lifeText: {fileID: 733722685}
